@inproceedings{WasserrabNST-OOPSLA06,
author={Daniel Wasserrab and Tobias Nipkow and Gregor Snelting and Frank Tip},
title={An Operational Semantics and Type Safety Proof for Multiple Inheritance
in {C++}},
booktitle={OOPSLA '06: Object oriented programming, systems, languages, and applications},
publisher={ACM Press},year=2006}
