@article{Stolfi2004,
  title={Affine arithmetic: concepts and applications},
  author={De Figueiredo, Luiz Henrique and Stolfi, Jorge},
  journal={Numerical Algorithms},
  volume={37},
  number={1-4},
  pages={147--158},
  year={2004},
  publisher={Springer}
}
@incollection{Girard2005,
  title={Reachability of uncertain linear systems using zonotopes},
  author={Girard, Antoine},
  booktitle={Hybrid systems: computation and control},
  pages={291--305},
  year={2005},
  publisher={Springer}
}
