@misc{NipkowT-urexp,
  author =       {Tobias Nipkow and Dmitriy Traytel},
  title =        {Unified Decision Procedures for Regular Expression
                  Equivalence},
  year =         2014,
  howpublished = {\url{http://www21.in.tum.de/~traytel/papers/unify_rexp/urexp.pdf}}
}
