@book{pilz83nearrings,
  author    = {G{\"u}nter Pilz},
  title     = {Near-rings},
  publisher = {North-Holland},
  address   = {Amsterdam},
  edition   = {Second},
  year      = {1983}
}

@inproceedings{mciverweber05pka,
  author    = {Annabelle McIver and
               Tjark Weber},
  title     = {Towards Automated Proof Support for Probabilistic Distributed
               Systems},
  booktitle = {LPAR},
  series    = {Lecture Notes in Computer Science},
  volume    = {3835},
  year      = {2005},
  editor    = {Geoff Sutcliffe and Andrei Voronkov},
  pages     = {534--548},

}

@article{venema03gamealgebra,
  author    = {Yde Venema},
  title     = {Representation of Game Algebras},
  journal   = {Studia Logica},
  volume    = {75},
  number    = {2},
  year      = {2003},
  pages     = {239-256},
  ee        = {http://dx.doi.org/10.1023/A:1027363028181},
}

@Book{birkhoff67lattices,
  author =    {Garrett Birkhoff},
  title =        {Lattice Theory},
  publisher =    {American Mathematical Society Colloquium Publications},
  year =         1967}

@book{gondran10graphs,
  author    = {Michel Gondran and Michel Minoux},
  title     = {Graphs, Dioids and Semirings: New Models and Algorithms},
  volume    = {41},
  series    = {Operations Research/Computer Science Interfaces},
  publisher = {Springer},
  year      = {2010}
}

@article{wagner77omega,
  author    = {Klaus W. Wagner},
  title     = {Eine topologische {C}harakterisierung einiger {K}lassen regul{\"a}rer
               {F}olgenmengen},
  journal   = {Elektronische Informationsverarbeitung und Kybernetik},
  volume    = {13},
  number    = {9},
  year      = {1977},
  pages     = {473-487},
}


@inproceedings{cohen00omega,
  author    = {Ernie Cohen},
  title     = {Separation and Reduction},
  booktitle = {MPC},
  year      = {2000},
  pages     = {45--59},
  ee        = {http://dx.doi.org/10.1007/10722010_4},
  editor    = {Roland Carl Backhouse and
               Jos{\'e} Nuno Oliveira},
  publisher = {Springer},
  series    = {Lecture Notes in Computer Science},
  volume    = {1837},
}

@article{hofnerstruth10nontermination,
  author    = {Peter H{\"o}fner and
               Georg Struth},
  title     = {Algebraic notions of nontermination: Omega and divergence
               in idempotent semirings},
  journal   = {J. Log. Algebr. Program.},
  volume    = {79},
  number    = {8},
  year      = {2010},
  pages     = {794-811},
  ee        = {http://dx.doi.org/10.1016/j.jlap.2010.07.016},
}



@Book{weightedautomata09,
  editor =    {Manfred Droste and Werner Kuich and Heiko Vogler},
  title =        {Handbook of Weighted Automata},
  publisher =    {Springer},
  year =         2009}

@article{desharnaismoellerstruth06kad,
  author    = {Jules Desharnais and
               Bernhard M{\"o}ller and
               Georg Struth},
  title     = {Kleene algebra with domain},
  journal   = {ACM Trans. Comput. Log.},
  volume    = {7},
  number    = {4},
  year      = {2006},
  pages     = {798-833},
  ee        = {http://doi.acm.org/10.1145/1183278.1183285},
}

@Book{galatosjipsenkowalskiono07residuated,
  author =    {Nikolaos Galatos and Peter Jipsen and Tomasz Kowalski and Hiroakira Ono},
  title =        {Resituated Lattices: An Algebraic Glimpse at Substructural Logics},
  publisher =    {Elsevier},
  year =         2007}

@article{struth12regeq,
  author    = {Georg Struth},
  title     = {Left omega algebras and regular equations},
  journal   = {J. Log. Algebr. Program.},
  volume    = {81},
  number    = {6},
  year      = {2012},
  pages     = {705-717},
  ee        = {http://dx.doi.org/10.1016/j.jlap.2012.05.004},
}

@article{kozen94complete,
  author    = {Dexter Kozen},
  title     = {A Completeness Theorem for Kleene Algebras and the Algebra
               of Regular Events},
  journal   = {Inf. Comput.},
  volume    = {110},
  number    = {2},
  year      = {1994},
  pages     = {366-390},
  ee        = {http://dx.doi.org/10.1006/inco.1994.1037},
}

@article{kozen00hoare,
  author    = {Dexter Kozen},
  title     = {On {Hoare} logic and {Kleene} algebra with tests},
  journal   = {ACM Trans. Comput. Log.},
  volume    = {1},
  number    = {1},
  year      = {2000},
  pages     = {60--76},
  ee        = {http://dx.doi.org/10.1145/343369.343378}
}

@article{struth06churchrosser,
  author    = {Georg Struth},
  title     = {Abstract abstract reduction},
  journal   = {J. Log. Algebr. Program.},
  volume    = {66},
  number    = {2},
  year      = {2006},
  pages     = {239-270},
  ee        = {http://dx.doi.org/10.1016/j.jlap.2005.04.001},
}


@inproceedings{bachmair86commutation,
  author    = {Leo Bachmair and Nachum Dershowitz},
  title     = {Commutation, Transformation, and Termination},
  editor    = {J{\"o}rg H. Siekmann},
  booktitle = {Conference on Automated Deduction},
  volume    = {230},
  series    = {Lecture Notes in Computer Science},
  pages     = {5--20},
  publisher = {Springer},
  year      = {1986},
  ee        = {http://dx.doi.org/10.1007/3-540-16780-3_76}
}

@inproceedings{kozen90kleene,
  author    = {Dexter Kozen},
  title     = {On {Kleene} Algebras and Closed Semirings},
  editor    = {Branislav Rovan},
  booktitle = {Mathematical Foundations of Computer Science},
  volume    = {452},
  series    = {Lecture Notes in Computer Science},
  pages     = {26--47},
  publisher = {Springer},
  year      = {1990},
  ee        = {http://dx.doi.org/10.1007/BFb0029594}
}

@article{vonwright04refinement,
  author    = {Joakim von Wright},
  title     = {Towards a refinement algebra},
  journal   = {Sci. Comput. Program.},
  volume    = {51},
  number    = {1-2},
  year      = {2004},
  pages     = {23-45},
  ee        = {http://dx.doi.org/10.1016/j.scico.2003.09.002},
}

@Article{boffa90remarque,
  author =       {Maurice Boffa},
  title =        {Une remarque sur les syst\`emes complets
                  d'identit\'es rationnelles},
  journal =      {Informatique The\'eorique et Applications},
  year =         1990,
  volume =    24,
  number =    4,
  pages =     {419--423}}

@Book{harelkozentiuryn00dynamic,
  author =    {David Haren and Dexter Kozen and Jerzy Tiuryn},
  title =        {Dynamic Logic},
  publisher =    {MIT Press},
  year =         2000}

@book{conway71regular,
  author    = {Conway, John Horton},
  title     = {Regular Algebra and Finite Machines},
  publisher = {Chapman and Hall},
  year      = {1971}
}

@article{doornbos97calculational,
  author    = {Henk Doornbos and
               Roland Carl Backhouse and
               Jaap van der Woude},
  title     = {A Calculational Approach to Mathematical Induction},
  journal   = {Theor. Comput. Sci.},
  volume    = {179},
  number    = {1--2},
  year      = {1997},
  pages     = {103--135},
  ee        = {http://dx.doi.org/10.1016/S0304-3975(96)00154-5}
}

@inproceedings{dershowitz09lazy,
  author    = {Nachum Dershowitz},
  title     = {On Lazy Commutation},
  editor    = {Orna Grumberg and
               Michael Kaminski and
               Shmuel Katz and
               Shuly Wintner},
  booktitle = {Languages: From Formal to Natural},
  volume    = {5533},
  series    = {Lecture Notes in Computer Science},
  pages     = {59--82},
  publisher = {Springer},
  year      = {2009},
  ee        = {http://dx.doi.org/10.1007/978-3-642-01748-3_5}
}

@article{krauss12regular,
  author    = {Alexander Krauss and
               Tobias Nipkow},
  title     = {Proof Pearl: Regular Expression Equivalence and Relation
               Algebra},
  journal   = {J. Autom. Reasoning},
  volume    = {49},
  number    = {1},
  year      = {2012},
  pages     = {95--106},
  ee        = {http://dx.doi.org/10.1007/s10817-011-9223-4}
}

@inproceedings{pratt90action,
  author    = {Vaughan R. Pratt},
  title     = {Action Logic and Pure Induction},
  editor    = {Jan van Eijck},
  booktitle = {Logics in AI, European Workshop, JELIA '90},
  volume    = {478},
  series    = {Lecture Notes in Computer Science},
  pages     = {97--120},
  publisher = {Springer},
  year      = {1991},
  ee        = {http://dx.doi.org/10.1007/BFb0018436}
}
