
@inproceedings{Rutten98,
  author    = {Jan J. M. M. Rutten},
  title     = {Automata and Coinduction (An Exercise in Coalgebra)},
  editor    = {Davide Sangiorgi and Robert de Simone},
  booktitle = {Concurrency Theory (CONCUR'98)},
  pages     = {194--218},
  publisher = {Springer},
  series    = {Lecture Notes in Computer Science},
  volume    = {1466},
  year      = {1998},
}
