@techreport{KleinN04,author={Gerwin Klein and Tobias Nipkow},
title={A Machine-Checked Model for a {Java}-Like Language, Virtual Machine and Compiler},
institution={National ICT Australia},address={Sydney},month=mar,year=2004}

@article{KleinN-Toplas,
  author={Gerwin Klein and Tobias Nipkow},
  title={A Machine-Checked Model for a {Java}-Like Language, Virtual Machine and Compiler},
  journal=TOPLAS,note={To appear}
}

