@InProceedings{ITP11,
  author =       {Peter Gammie},
  title =        {Knowledge-based programs},
  booktitle =    {2nd International Conference on Interactive Theorem Proving},
  year =         {2011},
  address =      {Nijmegen, The Netherlands},
  month =        Aug,
  series =       LNCS,
  publisher =    {Springer Verlag},
  note =         {Accepted for publication.}
}