@book{LNCS2283,author={Tobias Nipkow and Lawrence Paulson and Markus Wenzel},
title="Isabelle/HOL --- A Proof Assistant for Higher-Order Logic",
publisher=Springer,series=LNCS,volume=2283,year=2002,
note={\url{http://www.in.tum.de/~nipkow/LNCS2283/}}}

@PhdThesis{cohen_phd,
  Title                    = {{Formalized algebraic numbers: construction and
 first-order theory}},
  Author                   = {Cohen, Cyril},
  School                   = {{\'E}cole polytechnique},
  Year                     = {2012},
  Month                    = {{Nov}},

  Affiliation              = {Laboratoire d'informatique de l'{\'E}cole
 polytechnique - LIX, INRIA Saclay - Ile de France,
 Microsoft Research - Inria Joint Centre},
  File                     = {thesis.pdf:http\://perso.crans.org/cohen/papers/thesis.pdf:PDF},
  Keywords                 = {Coq; Formal proofs; Formalization of mathematics;
 Small scale reflection; Algebraic numbers;
 Constructive mathematics; Quantifier elimination;
 Real numbers},
  Language                 = {English}
}

@Book{Basu:2006:ARA:1197095,
  Title                    = {Algorithms in Real Algebraic Geometry (Algorithms and Computation in Mathematics)},
  Author                   = {Basu, Saugata and Pollack, Richard and Roy, Marie-Fran\c{c}oise},
  Publisher                = {Springer-Verlag New York, Inc.},
  Year                     = {2006},

  Address                  = {Secaucus, NJ, USA},

  ISBN                     = {3540330984}
}
