@article{HiPa06,
 author = {Hinze, Ralf and Paterson, Ross},
 title = {Finger trees: a simple general-purpose data structure},
 journal = {J. Funct. Program.},
 volume = {16},
 number = {2},
 year = {2006},
 issn = {0956-7968},
 pages = {197--217},
 doi = {http://dx.doi.org/10.1017/S0956796805005769},
 publisher = {Cambridge University Press},
 address = {New York, NY, USA},
 }
