
@misc{BourkeEtAl:MechAWN:2014,
  author      = {Bourke, T. and van Glabbeek, R. J. and H{\"o}fner, P.},
  title       = {Mechanizing Node and Network Invariants based on Process Algebra},
  url         = {http://ssrg.nicta.com.au/projects/concurrency/pdf/MechAWN.pdf},
  note        = {Submitted for publication.},
  year        = 2014,
}

@techreport{FehnkerEtAl:AWN:2013,
  author      = {Ansgar Fehnker
	         and van Glabbeek, Robert J.
	         and Peter H{\"{o}}fner
	         and Annabelle McIver
	         and Marius Portmann
	         and Tan, Wee Lum},
  institution = {NICTA},
  number      = 5513,
  title       = {A Process Algebra for Wireless Mesh Networks used for
		 Modelling, Verifying and Analysing {AODV}},
  type        = {Technical Report},
  url         = {http://www.nicta.com.au/pub?doc=5513},
  Year        = 2013,
}

