@misc{AehligHN08,author={Klaus Aehlig and Florian Haftmann and Tobias Nipkow},
title={A Compiled Implementation of Normalization by Evaluation},
howpublished={In preparation},year=2008}
